@book{Oetiker:wprowadzenie:Latex,
address = "Berlin",
author = "Tobias Oetiker, Huber Partl, Irena Hyna, Elisabeth Schlegl",
edition = "drugie, poprawione,",
isbn = "83-01-13626-X",
publisher = "Tobias Oetiker and Contributers",
note = "Tłumaczenie: Tomasz Przechlewski, Ryszard Kubiak, Janusz Goldasz",
title = "Nie za krótkie wprowadzenie do systemu Latex",
year = 2006
}
